@article{Crick1968,
  author    = {F. H. C. Crick},
  title     = {The origin of the genetic code},
  journal   = {Journal of Molecular Biology},
  volume    = {38},
  number    = {3},
  pages     = {367 - 379},
  year      = {1968},
  issn      = {0022-2836},
  doi       = {http://dx.doi.org/10.1016/0022-2836(68)90392-6},
  howpublished = {\url{http://www.sciencedirect.com/science/article/pii/0022283668903926}}
}

@Inbook{Hornby2006,
  author    = {Hornby, Gregory and Globus, Al and Linden, Derek and Lohn, Jason},
  chapter   = {Automated Antenna Design with Evolutionary Algorithms},
  series    = {SPACE Conferences and Exposition},
  year      = {2006},
  month     = {Sep},
  day       = {19},
  publisher = {American Institute of Aeronautics and Astronautics},
  note      = {0},
  doi       = {10.2514/6.2006-7242},
  howpublished = {\url{http://dx.doi.org/10.2514/6.2006-7242}}
}

@book{book:bioInspired,
  author    = {D. Floreano and C. Mattiussi},
  title     = {Bio-inspired artificial intelligence: theories, methods, and technologies},
  publisher = {The MIT Press},
  address   = {Cambridge, Massachusetts},
  year      = {2008}
}

@book{book:evAlgo,
  author    = {K. Weicker},
  title     = {Evolutin√§re Algorithmen},
  publisher = {Springer Vieweg},
  address   = {Leipzig, Deutschland},
  edition   = {3},
  year      = {2015},
}

@book{book:introEvComp,
  author    = {Eiben, A. E. and Smith, James E},
  title     = {Introduction to Evolutionary Computing},
  publisher = {Springer-Verlag},
  address   = {Berlin, Deutschland},
  year      = {2003}
}

@book{book:genAlgoDataStructsEvProg,
  author    = {Z. Michalewicz},
  title     = {Genetic Algorithms + Data Structures = Evolution Programs},
  publisher = {Springer-Verlag},
  address   = {Berlin, Deutschland},
  edition   = {3},
  year      = {1996}
}

@book{book:adapNaturalArtSys,
  author    = {J. H. Holland},
  title     = {Adaptation in Natural and Artificial Systems},
  publisher = {University of Michigan Press},
  address   = {Ann Arbor},
  year      = {1975}
}

@book{book:genProg,
  author    = {J. R. Koza},
  title     = {Genetic Programming: On the Programming of Computers by Means of Natural Selection},
  publisher = {MIT Press},
  address   = {Cambridge, MA},
  year      = {1992}
}

@book{book:artIntSimEv,
  author    = {Fogel, L. J. and Owens, A. J. and Walsh, M. J},
  title     = {Artificial Intelligence through Simulated Evolution},
  publisher = {Wiley},
  address   = {New York},
  year      = {1966}
}

@book{book:evStrat,
  author    = {I. Rechenberg},
  title     = {Evolutionstrategie: Optimierung technischer Systeme nach Prinzipien der biologischen Evolution},
  publisher = {Friedrich Fromann Verlag},
  address   = {Stuttgart},
  year      = {1973}
}

@MISC{WikipediaEN:crossOver,
  author    = {Thomas Hunt Morgan},
  title     = {Illustartion of Crossing Over},
  year      = {1916},
  note      = {[Online; accessed June 01, 2016]},
  howpublished = {\url{https://en.wikipedia.org/wiki/Genetic_recombination}}
}

@MISC{bullet:steppingTheWorld,
  author = {Bullet Physics},
  title = {Stepping The World},
  year = {2013},
  note = {[Online; accessed June 03, 2016]},
  howpublished = {\url{http://bulletphysics.org/mediawiki-1.5.8/index.php/Stepping_The_World}}
}

@MISC{gamedev:constraints,
  author = {Randy Gaul},
  title = {Modelling and Solving Physical Constraints},
  year = {2013},
  note = {[Online; accessed June 03, 2016]},
  howpublished = {\url{http://gamedevelopment.tutsplus.com/tutorials/modelling-and-solving-physical-constraints--gamedev-12578}}
}

@MISC{json,
  author = {Wikipedia},
  title = {JavaScript Object Notation},
  year = {2016},
  note = {[Online; accessed June 03, 2016]},
  howpublished = {\url{https://de.wikipedia.org/wiki/JavaScript_Object_Notation}}
}
